%%%%%%%%%%%%%%%%%%%%%%%%%%%%%%
%% MENDELY PDFS
%%%%%%%%%%%%%%%%%%%%%%%%%%%%%%

@article{Amin2011,
title = {{Low voltage DC distribution system compared with 230 V AC}},
author = {Amin, M. and Arafat, Y. and Lundberg, S. and Mangold, S.},
journal = {2011 IEEE Electrical Power and Energy Conference, EPEC 2011},
doi = {10.1109/EPEC.2011.6070222},
pages = {340--345},
year = {2011}
}

@inproceedings{Pillay2004,
address = {Dhaka, Bangladesh},
author = {Pillay, L and Karimov, Kh S},
booktitle = {3rd International Conference on Electrical {\&} Computer Engineering},
number = {December},
pages = {28--30},
publisher = {ICECE},
title = {{Photo-Voltaic System}},
year = {2004}
}

@article{UnitedStatesDepartmentoftheInterior2000,
title = {{Methods for Coordinating System Protective Equipment}},
author = {{United States Department of the Interior}},
journal = {Facilities Instructions, Standards, and Techniques},
number = {December 1991},
volume = {3-9},
year = {2000}
}

@article{StandardsAustralia2007,
author = {{Standards Australia}},
doi = {10.1049/jiee-1.1907.0052},
issn = {2054-0612},
keywords = {processing},
mendeley-groups = {Thesis},
pages = {1--21},
title = {{AS/NZS 3000: Wiring Rules}},
year = {2007}
}

@article{StandardsAustralia2010,
author = {{Standards Australia}},
isbn = {9781869751289},
pages = {1--136},
title = {{AS/NZS 3008: Electrical Installations}},
year = {2010}
}

@article{StandardsAustralia2004,
author = {{Standards Australia}},
title = {{AS/NZS 3015: Electrical Installations of Extra Low Voltage DC Power Supplies and Service Earthing Within Public Telecommunications Networks}},
pages = {1--61},
year = {2004}
}

@article{Nelson2011,
author = {Nelson, Tim and Simshauser, Paul and Kelley, Simon},
doi = {10.1016/S0313-5926(11)50015-3},
issn = {03135926},
journal = {Economic Analysis and Policy},
mendeley-groups = {Thesis},
number = {2},
pages = {113--129},
publisher = {Elsevier Masson SAS},
title = {{Australian Residential Solar Feed-in-Tariffs: Industry Stimulus or Regressive Form of Taxation}},
url = {http://www.eap-journal.com/archive/v41{\_}i2{\_}01-nelson.pdf},
volume = {41},
year = {2011}
}

@misc{website:SolarChoice,
title={Which electricity retailer is giving the best solar feed in tariff?},
author={SolarChoice.net},
urldate={2016-9-1},
year={2016},
note={http://www.solarchoice.net.au/blog/which-electricity-retailer-is-giving-the-best-solar-feed-in-tariff/?Qld}
}

@article{AntoniouATzimasARowland2015,
author = {{Antoniou, A, Tzimas, A, Rowland}, S},
journal = {IET Generation, Transmission {\&} Distribution},
mendeley-groups = {Thesis},
number = {12},
pages = {1391--1401},
title = {{Transition from AC to DC Low-Voltage Distro Networks}},
volume = {9},
year = {2015}
}

@article{Liu2014,
author = {Liu, Zifa and Li, Mengyu},
doi = {10.1016/j.aasri.2014.05.031},
file = {:home/dave/.local/share/data/Mendeley Ltd./Mendeley Desktop/Downloaded/Liu, Li - 2014 - Research on Energy Efficiency of DC Distribution System.pdf:pdf},
issn = {22126716},
journal = {AASRI Procedia},
keywords = {Calculation models,DC distribution system,Energy efficiency},
mendeley-groups = {Thesis},
pages = {68--74},
publisher = {Elsevier B.V.},
title = {{Research on Energy Efficiency of DC Distribution System}},
url = {http://www.sciencedirect.com/science/article/pii/S2212671614000328},
volume = {7},
year = {2014}
}

@inproceedings{Paajanen2009,
author = {Paajanen, P and Kaipia, T and Partanen, J},
booktitle = {20th International Conference and Exhibition on Electricity Distribution (CIRED 2009)},
doi = {10.1049/cp.2009.0925},
isbn = {0537-9989 VO -},
keywords = {building,domestic appliances,electrical products,power distribution economics},
mendeley-groups = {Thesis},
number = {0692},
pages = {1--4},
title = {{DC supply of low-voltage electricity appliances in residential buildings}},
url = {http://digital-library.theiet.org/content/conferences/10.1049/cp.2009.0925},
year = {2009}
}

@article{Starke2008b,
author = {Starke, Michael and Tolbert, Leon M. and Ozpineci, Burak},
doi = {10.1109/TDC.2008.4517256},
file = {:home/dave/Downloads/04517256.pdf:pdf},
isbn = {9781424419036},
journal = {Transmission and Distribution Exposition Conference: 2008 IEEE PES Powering Toward the Future, PIMS 2008},
keywords = {DC power systems,Losses,Power distribution,Power system modeling},
mendeley-groups = {Thesis},
number = {1},
pages = {1--7},
title = {{AC vs. DC distribution: A loss comparison}},
volume = {1},
year = {2008}
}

@article{Starke2008a,
author = {Starke, Michael and Li, Fangxing and Tolbert, Leon M. and Ozpineci, Burak},
doi = {10.1109/PES.2008.4596730},
file = {:home/dave/Downloads/04596730.pdf:pdf},
isbn = {9781424419067},
issn = {1932-5517},
journal = {IEEE Power and Energy Society 2008 General Meeting: Conversion and Delivery of Electrical Energy in the 21st Century, PES},
keywords = {Continuation power flow method,DC power systems,Maximum power transfer,Power distribution,Power system modeling},
mendeley-groups = {Thesis},
pages = {1--6},
title = {{AC vs. DC distribution: Maximum transfer capability}},
year = {2008}
}

@article{Salomonsson2007,
author = {Salomonsson, Daniel and Sannino, Ambra},
doi = {10.1109/TPWRD.2006.883024},
file = {:home/dave/.local/share/data/Mendeley Ltd./Mendeley Desktop/Downloaded/Salomonsson, Sannino - 2007 - Low-voltage DC distribution system for commercial power systems with sensitive electronic loads.pdf:pdf},
isbn = {0885-8977},
issn = {08858977},
journal = {IEEE Transactions on Power Delivery},
keywords = {DC power system,Electronic equipment,Emergency power supplies,Harmonic distortion,Power quality,Power system transients},
mendeley-groups = {Thesis},
number = {3},
pages = {1620--1627},
title = {{Low-voltage DC distribution system for commercial power systems with sensitive electronic loads}},
volume = {22},
year = {2007}
}

@phdthesis{Pellis1997,
author = {Pellis, J},
mendeley-groups = {Thesis},
pages = {1--79},
school = {Eindhoven University of Technology},
title = {{The DC Low-Voltage House}},
year = {1997}
}

@article{Koh2011,
author = {Koh, L. H. and Tan, Y. K. and Wang, Z. Z. and Tseng, K. J.},
doi = {10.1109/IECON.2011.6119610},
isbn = {9781612849720},
issn = {1553-572X},
journal = {IECON Proceedings (Industrial Electronics Conference)},
mendeley-groups = {Thesis},
number = {11},
pages = {2883--2888},
title = {{An energy-efficient low voltage DC grid powered smart LED lighting system}},
volume = {2},
year = {2011}
}

@inproceedings{Krishna2016,
author = {Krishna, R Anjali and Suresh, L Padma},
booktitle = {2016 International Conference on Circuit, Power and Computing Technologies (ICCPCT)},
doi = {10.1109/ICCPCT.2016.7530373},
file = {:home/dave/Downloads/07530373.pdf:pdf},
isbn = {978-1-5090-1277-0},
mendeley-groups = {Thesis},
pages = {1--6},
title = {{A brief review on multi level inverter topologies}},
url = {http://ieeexplore.ieee.org/lpdocs/epic03/wrapper.htm?arnumber=7530373},
year = {2016}
}

@misc{website:ConvVsInverter,
title={Converter vs Inverter},
author={Diffen.com},
urldate={2016-9-3},
year={2016},
note={http://www.diffen.com/difference/Converter-vs-Inverter}
}

@article{Active2015,
author = {Active, A Shunt and Filter, Power},
chapter = {3},
journal = {Quadrennial Technology Review 2015},
keywords = {Quadrennial Technology Review,Transmission and Di},
number = {January},
pages = {1--22},
publisher = {U.S. Department of Energy},
title = {{Transmission and Distribution Components}},
year = {2015}
}

@misc{website:LED,
title={Lumens and Light Output},
author={Eco Revolution},
urldate={2016-9-4},
year={2016},
note={http://www.eco-revolution.com/lumens-and-light-output/}
}



%%%%%%%%%%%%%%%%%%%%%%%%%%%%%%
%% OTHER
%%%%%%%%%%%%%%%%%%%%%%%%%%%%%%
